
@book{hofmann_masterkurs_2010,
	address = {Wiesbaden},
	title = {Masterkurs {IT}-{Management}: {Grundlagen}, {Umsetzung} und erfolgreiche {Praxis} f??r {Studenten} und {Praktiker}},
	isbn = {978-3-8348-9387-1},
	shorttitle = {Masterkurs {IT}-{Management}},
	url = {https://doi.org/10.1007/978-3-8348-9387-1},
	abstract = {Welches sind die Aufgabenstellungen und Handlungsfelder des IT-Managements? Das Buch zeigt die Grundlagen, T??tigkeitsfelder und wesentlichen Handlungsschritte. Es illustriert die erforderlichen Ma??nahmen anhand von ausgew??hlten Beispielen aus der betrieblichen Praxis (Best Practices). Diese 2. Auflage wurde u. a. um die Themen "Risk IT", "IT-Compliance", "Software-as-a-Service", "PRINCE2", "Green IT" und "IT-Industrialisierung" erweitert und viele Themen wurden ??berarbeitet. Der Leser erh??lt einen aktuellen wertvollen Orientierungsrahmen f??r die Ausgestaltung des Aufgabenspektrums von IT-Managern aktuell},
	language = {German},
	urldate = {2022-03-31},
	publisher = {Vieweg + Teubner},
	author = {Hofmann, J??rgen and Schmidt, Werner},
	year = {2010},
	note = {OCLC: 755636386},
}

@incollection{hofmann_it-governance_2010,
	address = {Wiesbaden},
	title = {{IT}-{Governance}},
	isbn = {978-3-8348-0842-4 978-3-8348-9387-1},
	url = {http://link.springer.com/10.1007/978-3-8348-9387-1_8},
	language = {de},
	urldate = {2022-03-31},
	booktitle = {Masterkurs {IT}-{Management}},
	publisher = {Vieweg+Teubner},
	author = {Schmidt, Werner},
	editor = {Hofmann, Jürgen and Schmidt, Werner},
	year = {2010},
	doi = {10.1007/978-3-8348-9387-1_8},
	pages = {355--403},
	file = {Schmidt_2010_IT-Governance.pdf:/Users/kj/Zotero/storage/F46XFCBR/Schmidt_2010_IT-Governance.pdf:application/pdf},
}

@article{de_haes_it_2004,
	title = {{IT} governance and its mechanisms},
	volume = {2004},
	number = {1},
	journal = {Information systems control journal},
	author = {De Haes, Steven and Van Grembergen, Wim},
	editor = {{INFORMATION SYSTEMS AUDIT AND CONTROL ASSOCIATION}},
	year = {2004},
	pages = {27--33},
	file = {De Haes_Van Grembergen_2004_IT governance and its mechanisms.pdf:/Users/kj/Zotero/storage/AE2RQ2HM/De Haes_Van Grembergen_2004_IT governance and its mechanisms.pdf:application/pdf},
}

@article{johannsen_it-governance_2006,
	title = {{IT}-{Governance} – neue {Aufgaben} des {IT}-{Managements}},
	volume = {43},
	number = {250},
	journal = {HMD–Praxis der Wirtschaftsinformatik},
	author = {Johannsen, Wolfgang and Goeken, Matthias},
	year = {2006},
	pages = {7--20},
	file = {Johannsen_Goeken_2006_IT-Governance–neue Aufgaben des IT-Managements.pdf:/Users/kj/Zotero/storage/7R6PXQYC/Johannsen_Goeken_2006_IT-Governance–neue Aufgaben des IT-Managements.pdf:application/pdf},
}

@article{meyer_it-governance_2003,
	title = {{IT}-{Governance} - {Begriff}, {Status} quo und {Bedeutung}},
	volume = {45},
	number = {4},
	journal = {Wirtschaftsinformatik},
	author = {Meyer, Matthias and Zarnekow, Rüdiger and Kolbe, Lutz M},
	year = {2003},
	pages = {445--448},
	file = {Meyer et al_2003_IT-Governance - Begriff, Status quo und Bedeutung.pdf:/Users/kj/Zotero/storage/MC82NUBZ/Meyer et al_2003_IT-Governance - Begriff, Status quo und Bedeutung.pdf:application/pdf},
}
